@misc {formico:mia,
    author = "Andreia Formico",
    title  = "Disciplina: Computação Gráfica - Notas de Aula",
    organization = "Universidade de Fortaleza - Unifor",
    month  = "Fevereiro",
    year   = "2017"
}

@article{leitholdcalculo,
  title={O C{\'a}lculo com Geometria Anal{\'\i}tica, Vol. 1, {Editora HARBRA Ltda.}},
  author={LEITHOLD, Louis},
  journal={S{\~a}o Paulo. 685p}
}
