@misc {formico:mia,
    author = "Andreia Formico",
    title  = "Disciplina: Computação Gráfica - Notas de Aula",
    organization = "Universidade de Fortaleza - Unifor",
    month  = "Fevereiro",
    year   = "2017"
}
